<?xml version="1.0" encoding="UTF-8"?><collection xmlns="http://www.loc.gov/MARC21/slim"><record><leader>00460nam--2200169-u-4500</leader><controlfield tag="001">000052460</controlfield><controlfield tag="002">20161230</controlfield><controlfield tag="005">20170302084114</controlfield><controlfield tag="008">100715s1000------------r-----000-0-eng-d</controlfield><datafield ind1=" " ind2=" " tag="020"><subfield code="a">0521858410</subfield></datafield><datafield ind1=" " ind2=" " tag="040"><subfield code="a">IFIN-HH</subfield></datafield><datafield ind1="1" ind2=" " tag="100"><subfield code="a">Dine, Michael</subfield></datafield><datafield ind1="1" ind2="0" tag="245"><subfield code="a">Supersimetry and String Theory</subfield><subfield code="b">Beyond the Standard Model</subfield><subfield code="c">Michael Dine</subfield></datafield><datafield ind1=" " ind2=" " tag="260"><subfield code="a">Cambridge</subfield><subfield code="b">Cambridge University Press</subfield><subfield code="c">2007</subfield></datafield><datafield ind1=" " ind2=" " tag="300"><subfield code="a">515 p</subfield></datafield><datafield ind1=" " ind2=" " tag="852"><subfield code="a">82282</subfield></datafield><datafield ind1=" " ind2=" " tag="CAT"><subfield code="a">SYS</subfield><subfield code="c">20170302</subfield><subfield code="h">084114</subfield></datafield></record></collection>